@article{IJOE_Hotel_Management,
	author = {Weerasinghe, W.P.S.W. and Jayathilaka, K.D.M.I. and Prasadi, W.V.C. and Goonetilleke, M.D.K.M. and De Silva, Dilshan and Samarasekara, Piyumika},
	year = {2022},
	month = {10},
	pages = {218-226},
	title = {Research on Hotel Management System},
	volume = {12},
	journal = {International Journal of Engineering and Management Research},
	doi = {10.31033/ijemr.12.5.27}
}

@incollection{fulton2017requirements,
	author = {Fulton, R and Vandermolen, R},
	title = {Chapter 4: Requirements - Writing Requirements},
	chapter = {4},
	editor = {},
	booktitle = {Airborne Electronic Hardware Design Assurance: A Practitioner's Guide to RTCA/DO-254},
	publisher = {CRC Press},
	pages = {89--93},
	year = {2017},
	isbn = {9781351831420}
}

@misc{best_hotels_2024,
	author = {G2},
	title = {Best Hotel Management Software},
	url = {https://www.g2.com/categories/hotel-management},
	year = {2024},
	note = {[Accessed 26-05-2024]},
}

@article{sri_lanka_HMS_2022,
	author = {Jayawardena, C.P.U and Senaweera, T.I.S and Weeratunga, G.S and Perera, K.A.P.M and De Silva, Dilshan and Vidhanaarachchi, S.},
	year = {2022},
	month = {10},
	pages = {209-217},
	title = {Development of an Online Hotel Reservation System in Sri Lanka using Cutting-Edge Technologies},
	volume = {12},
	journal = {International Journal of Engineering and Management Research},
	doi = {10.31033/ijemr.12.5.26}
}


@incollection{broy_entity-relationship_2002,
	location = {Berlin, Heidelberg},
	title = {Entity-Relationship Modeling: Historical Events, Future Trends, and Lessons Learned},
	isbn = {978-3-642-63970-8 978-3-642-59412-0},
	url = {https://link.springer.com/10.1007/978-3-642-59412-0_17},
	shorttitle = {Entity-Relationship Modeling},
	pages = {296--310},
	booktitle = {Software Pioneers},
	publisher = {Springer Berlin Heidelberg},
	author = {Chen, Peter},
	editor = {Broy, Manfred and Denert, Ernst},
	urldate = {2024-05-25},
	date = {2002},
	langid = {english},
	doi = {10.1007/978-3-642-59412-0_17}
}

@book{Bagui2022,
	author    = {Sikha Bagui and Richard Walsh Earp},
	title     = {Database Design Using Entity-Relationship Diagrams},
	year      = {2022},
	publisher = {Auerbach Publications},
	isbn      = {978-1-032-01718-1},
}


@book{richards2020fundamentals,
	title = {Fundamentals of Software Architecture: An Engineering Approach},
	author = {Richards, Mark},
	year = {2020},
	publisher = {O'Reilly Media},
	edition = {1st},
	isbn = {978-1492043454}
}
